<?xml version="1.0" encoding="UTF-8"?><collection xmlns="http://www.loc.gov/MARC21/slim"><record><leader>00435nam--2200133-i-4500</leader><controlfield tag="001">000025784</controlfield><controlfield tag="002">20161230</controlfield><controlfield tag="005">20161230201036</controlfield><controlfield tag="008">060222s1000------------r-----000-0-eng-d</controlfield><datafield ind1=" " ind2=" " tag="100"><subfield code="a">Kaden, Heinrich</subfield></datafield><datafield ind1=" " ind2=" " tag="245"><subfield code="a">Wirbelstrome und schirmung in der nachrichtentechnik. zweite vollkommen umgearbeitete auflage</subfield></datafield><datafield ind1=" " ind2=" " tag="260"><subfield code="a">Berlin, Springer Verlag, 1959, Xv + 354p., 195 Fig</subfield></datafield><datafield ind1=" " ind2=" " tag="490"><subfield code="a">Technische Physik In Einzeldarstellung</subfield></datafield><datafield ind1=" " ind2=" " tag="852"><subfield code="a">10861</subfield></datafield></record></collection>